@book{llvm,
  author    = "Chris Lattner",
  title     = "LLVM: An Infrastructure for Multi-Stage Optimization",
  address   = "Computer Science Dept., University of Illinois at Urbana-Champaign",
  year      = 2002,
  language  = "english"
}

@book{ocaml,
  title     = "Ocaml language family official website",
  address   = "http://ocaml.org/",
  language  = "english"
}

@book{samofal,
  author    = "Самофалов А.В.",
  title     = "Принципы организации сборщика мусора в инфраструктуре LLVM",
  address   = "СПбГУ. Курсовая работа",
  year      = 2014,
  language  = "russian"
}

@book{knuth,
  author    = "Д. Кнут",
  title     = "Искусство программирования, том 1. Основные алгоритмы",
  address   = "М.: «Вильямс»",
  year      = 2006,
  language  = "russian"
}

@book{pliss,
  author    = "Плисс О.А.",
  title     = "Материалы к летней школе «Управление памятью»",
  address   = "СПбГУ",
  year      = 2013,
  language  = "russian"
}
