@incollection{Doh:2011:AL:2074591.2074599,
 author = {Doh, Kyung-Goo and Kim, Hyunha and Schmidt, David A.},
 chapter = {Abstract LR-parsing},
 title = {Formal Modeling},
 editor = {Agha, Gul and Meseguer, Jos{\'e} and Danvy, Olivier},
 year = {2011},
 isbn = {978-3-642-24932-7},
 pages = {90--109},
 numpages = {20},
 url = {http://dl.acm.org/citation.cfm?id=2074591.2074599},
 acmid = {2074599},
 publisher = {Springer-Verlag},
 address = {Berlin, Heidelberg},
} 

@article{Scott:2006:RNG:1146809.1146810,
 author = {Scott, Elizabeth and Johnstone, Adrian},
 title = {Right Nulled GLR Parsers},
 journal = {ACM Trans. Program. Lang. Syst.},
 issue_date = {July 2006},
 volume = {28},
 number = {4},
 month = jul,
 year = {2006},
 issn = {0164-0925},
 pages = {577--618},
 numpages = {42},
 url = {http://doi.acm.org/10.1145/1146809.1146810},
 doi = {10.1145/1146809.1146810},
 acmid = {1146810},
 publisher = {ACM},
 address = {New York, NY, USA},
 keywords = {General context-free grammars, generalized LR parsing},
} 

@inproceedings{Tomita:1984:LPN:980431.980564,
 author = {Tomita, Masaru},
 title = {LR Parsers for Natural Languages},
 booktitle = {Proceedings of the 10th International Conference on Computational Linguistics},
 series = {COLING '84},
 year = {1984},
 location = {Stanford, California},
 pages = {354--357},
 numpages = {4},
 url = {http://dx.doi.org/10.3115/980431.980564},
 doi = {10.3115/980431.980564},
 acmid = {980564},
 publisher = {Association for Computational Linguistics},
 address = {Stroudsburg, PA, USA},
}

@inproceedings{Tomita:1985:ECP:1623611.1623625,
 author = {Tomita, Masaru},
 title = {An Efficient Context-free Parsing Algorithm for Natural Languages},
 booktitle = {Proceedings of the 9th International Joint Conference on Artificial Intelligence - Volume 2},
 series = {IJCAI'85},
 year = {1985},
 isbn = {0-934613-02-8, 978-0-934-61302-6},
 location = {Los Angeles, California},
 pages = {756--764},
 numpages = {9},
 url = {http://dl.acm.org/citation.cfm?id=1623611.1623625},
 acmid = {1623625},
 publisher = {Morgan Kaufmann Publishers Inc.},
 address = {San Francisco, CA, USA},
} 

@book{Tomita:1985:EPN:537456,
 author = {Tomita, Masaru},
 title = {Efficient Parsing for Natural Language: A Fast Algorithm for Practical Systems},
 year = {1985},
 isbn = {0898382025},
 publisher = {Kluwer Academic Publishers},
 address = {Norwell, MA, USA},
} 

@phdthesis{economopoulos2006generalised,
  title={Generalised LR parsing algorithms},
  author={Economopoulos, Giorgios Robert},
  year={2006},
  school={Citeseer}
}

@phdthesis{rekers1992parser,
  title={Parser generation for interactive environments},
  author={Rekers, Joan Gerard},
  year={1992},
  school={Citeseer}
}

@inproceedings{grigorev2013glr,
  title={GLR-based abstract parsing},
  author={Grigorev, Semen and Kirilenko, Iakov},
  booktitle={Proceedings of the 9th Central \& Eastern European Software Engineering Conference in Russia},
  pages={5},
  year={2013},
  organization={ACM}
}

@article{YaccConstructor,
 author = {Кириленко Я.А., Григорьев С.В., Авдюхин Д.А.},
 title = {Разработка синтаксических анализаторов в проектах по автоматизированному реинжинирингу информационных систем},
 journal = {Научно-технические ведомости СПбГПУ. Информатика. Телекоммуникации. Управление},
 year = {2013},
 issn = {2304-9766},
 pages = {94--98}
} 