@online{Mono.Addins,
  title        = "Mono.Addins Project",
  url          = { http://monoaddins.codeplex.com/ }
}

@online{Mono.AddinsDoc,
  title        = "Mono.Addins Документация",
  url          = { http://mono-project.com/Introduction_to_Mono.Addins }
}

@online{YC,
  title        = "YaccConstructor",
  url          = { https://code.google.com/p/recursive-ascent/ }
}

@ARTICLE{YC_base,
author  =   "Кириленко, Я.А and Григорьев, С.В. and Авдюхин Д.А.",
title   =   "Разработка синтаксических анализаторов в проектах по автоматизированному реинжинирингу информационных систем",
journal =   "Научно-технические ведомости Санкт-Петербургского государственного политехнического университета. Информатика. Телекоммуникации. Управление",
year    =   2013,
number  =   "174",
pages   =   "94 -- 98",
url     =   { http://ntv.spbstu.ru/telecom/article/T3.174.2013_11/ } 
}


@ARTICLE{YC_article,
author  =   "Константин А.У",
title   =   "Инструмент реинжиниринга спецификаций трансляций",
journal =   "Дипломаня работа. СПбГУ, кафедра Системного программирования",
year    =   2011,
pages   =   "13 -- 14",
url     =   { http://se.math.spbu.ru/SE/diploma/2011/Ulitin\%20Konstantin\%20-\%20text.docx }
}