@online{chiken,
  url          = {http://wiki.call-cc.org/man},
  eprint       = "http://wiki.call-cc.org/man",
  language     = "english"
}
@online{guile,
  url          = {http://www.gnu.org/software/guile/manual},
  eprint       = "http://www.gnu.org/software/guile/manual",
  language     = "english"
}
@online{java.lang,
  url          = {http://docs.oracle.com/javase/6/docs/api/java/lang/Class.html},
  eprint       = "http://docs.oracle.com/javase/6/docs/api/java/lang/Class.html",
  language     = "russian"
}
@online{ocaml,
  url          = {http://rwmj.wordpress.com/2009/08/04/ocaml-internals/},
  eprint       = "http://rwmj.wordpress.com/2009/08/04/ocaml-internals/",
  language     = "english"
}
@online{gc1,
  url          = {https://en.wikipedia.org/wiki/Garbage\_collection},
  eprint       = "https://en.wikipedia.org/wiki/Garbage\_collection",
  language     = "english"
}
@online{guile1,
  url          = {http://www.gnu.org/software/guile/},
  eprint       = "http://www.gnu.org/software/guile/",
  language     = "english"
}
@online{java1,
  url          = {http://www.cs.princeton.edu/picasso/mats},
  eprint       = "http://www.cs.princeton.edu/picasso/mats",
  language     = "english"
}
@ARTICLE{java,
  author = {KRIS VENSTERMANS, LIEVEN EECKHOUT and KOEN DE BOSSCHERE},
  title = {Java Object Header Elimination for Reduced
Memory Consumption in 64-bit Virtual Machines},
  year = {2007},
  journal = {ACM}
}
@online{java2,
  url          = {http://jug.ua/wp-content/uploads/2013/02/},
  eprint       = "http://jug.ua/wp-content/uploads/2013/02/",
  language     = "russian"
}
@online{ocaml2,
  url          = {hhttps://en.wikipedia.org/wiki/OCaml},
  eprint       = "https://en.wikipedia.org/wiki/OCaml",
  language     = "english"
}
@online{sheme,
  url          = {cs.princeton.edu/picasso/mats},
  eprint       = "cs.princeton.edu/picasso/mats",
  language     = "english"
}
