@online{Alvor,
  title        = "Сайт проекта Alvor",
  url          = {http://code.google.com/p/alvor/},
  eprint       = {http://code.google.com/p/alvor/},
  language     = "english"
}

@online{Scala,
  title        = "Документация по языку программирования Scala",
  url          = {http://www.scala-lang.org},
  eprint       = {http://www.scala-lang.org},
  language     = "english"
}


@online{JSA,
  title        = "Сайт проекта Java String Analyzer",
  url          = {http://www.brics.dk/JSA/},
  eprint       = {http://www.brics.dk/JSA/},
  language     = "english"
}

@online{PHPSA,
  title        = "Сайт проекта PHP string analyzer",
  url          = {http://www.score.is.tsukuba.ac.jp/~minamide/phpsa/},
  eprint       = {http://www.score.is.tsukuba.ac.jp/~minamide/phpsa/},
  language     = "english"
}

@online{JFlex,
  title        = "Сайт проекта JFlex",
  url          = {http://jflex.de/},
  eprint       = {http://jflex.de/},
  language     = "english"
}

@online{FST,
  author       = "Mohri, Mehryar",
  title        = "Finite-State Transducers in Language and Speech Processing",
  howpublished = "Association for Computational Linguistics",
  year         = 1997,
  url          = {http://www.cs.nyu.edu/~mohri/pub/cl1.pdf},
  eprint       = {http://www.cs.nyu.edu/~mohri/pub/cl1.pdf},
  language     = "english"
}

@book{МГСВ,
  author    = "Григорьев, С.В.",
  title     = "Автоматизированная трансформация динамических SQL запросов при реинжинириге информационных систем",
  year      = 2012
  publisher = "Магистерская диссертация, Санкт-Петербургский Государственный Университет. Математико-механический факультет",
  language  = "russian"
}

@book{ТФЯИТ,
  author    = "Мартыненко, Б.К.",
  title     = "Языки и трансляции",
  year      = 2002
  publisher = "Издательство С.-Петербургского университета",
  language  = "russian"
}

@online{Breslav,
  author       = "Breslav, Andrey",
  title        = "Parsing Abstract Strings",
  howpublished = "University of Tartu / STACC",
  year         = 2010,
  url          = {http://www.cs.ut.ee/~varmo/seminar/sem10K/breslav0903-slides.pdf},
  eprint       = {http://www.cs.ut.ee/~varmo/seminar/sem10K/breslav0903-slides.pdf},
  language     = "english"
}

@book{ToDetect,
  author    = "Annamaa, Aivar and Breslav, Andrey and Vene, Varmo",
  title     = "Using abstract lexical analysis and parsing to detect errors in string-embedded dsl statements",
  publisher = "In Marina Walden and Luigia Petre, editors, Proceedings of the 22nd Nordic Workshop on Programming Theory",
  language  = "english"
}

@online{ISO,
  title     = "ISO. ISO/IEC 9075:1992: Information technology — Database languages — SQL",
  year      = 1992,
  language  = "english"
}
