@online{FsLex,
  title        = "FsLex",
  url          = { http://fsharppowerpack.codeplex.com/wikipage?title=FsLex\%20Documentation }
}

@online{YC,
  title        = "YaccConstructor",
  url          = { https://code.google.com/p/recursive-ascent/ }
}

@online{Alvor,
  title        = "Alvor",
  url          = { http://code.google.com/p/alvor/ }
}

@online{PHPsa,
  title        = "PHP String Analyzer",
  url          = { http://www.score.cs.tsukuba.ac.jp/~minamide/phpsa/ }
}

@online{Jsa,
  title        = "Java String Analyzer",
  url          = { http://www.brics.dk/JSA/ }
}

@ARTICLE{YC_article,
author  =   "Кириленко, Я.А and Григорьев, С.В. and Авдюхин Д.А.",
title   =   "Разработка синтаксических анализаторов в проектах по автоматизированному реинжинирингу информационных систем",
journal =   "Научно-технические ведомости Санкт-Петербургского государственного политехнического университета. Информатика. Телекоммуникации. Управление",
year    =   2013,
number  =   "174",
pages   =   "94 -- 98",
url     =   { http://ntv.spbstu.ru/telecom/article/T3.174.2013_11/ } 
}


@ARTICLE{Doh,
author  =   "Kyung-Goo Doh and Hyunha Kim and David A. Schmidt",
title   =   "Abstract LR-Parsing",
journal =   "Formal Modeling: Actors, Open Systems, Biological Systems 2011:",
pages   =   "90 -- 109",
url     =   { http://santos.cis.ksu.edu/schmidt/talcottfest.pdf } 
}

@conference{Annamaa,
  author       = {Aivar Annamaa and Andrey Breslav and Varmo Vene}, 
  title        = {Using abstract lexical analysis and parsing to detect errors in string-embedded dsl statement},
  booktitle    = {The title of the book},
  year         = 2010,
  editor       = {Marina Walden and Luigia Petre},
  pages        = 20--22,
  address      = {The address of the publisher},
  month        = November,
  number       = 57,
  organization = {Proceedings of the 22nd Nordic Workshop on Programming Theory},
  publisher    = {TUCS General Publication},
}	
  	
@article{Breslav,
  author  = {Andrey Breslav}, 
  title   = {Parsing Abstract Strings},
  year    = 2010,
  organization = "University of Tartu"
}  	


@article{Mehryar,
  author  = {Mohri Mehryar}, 
  title   = {Finite-State Transducers in Language and Speech Processing},
  year    = 1997,
  organization = "ssociation for Computational Linguistics",
  url = { http://www.cs.nyu.edu/ }
}  