@article{RNGLR,
    author       = "Scott, Elizabeth  and Johnstone, Adrian",
    title        = "Right Nulled GLR Parsers", 
    journal      = "ACM Transactions on Programming Languages and Systems (TOPLAS)",
    year         = {2006},
    pages        = "577-618",
    % volume       = 28,
    month        = "1 July",
    language     = "english"
}
@book {FSharp,
    author = {Syme, Don and Granicz, Adam and Cisternino, Antonio},
    title = {Expert F\# 3.0},
    publisher = {Apress},
    isbn = {978-1-4302-4650-3},
    url = {http://www.apress.com/9781430246503},
    year = {2012} 
}
@inproceedings{JSA, 
    author       = "Christensen, Aske Simon and Moller, Anders and Schwartzbach, Michael I.",
    title        = "Precise Analysis of String Expressions.",
    bookTitle    = "Static Analysis. 10th International Symposium, SAS 2003 San Diego, CA, USA, June 11–13, Proceedings",
    year         = {2003},
    editor       = "Radhia Cousot",
    publisher    = "Springer Berlin Heidelberg",
    pages        = "1-18",
    % language     = "english"
}
@inproceedings{PSA, 
    author       = "Minamide, Y.",
    title        = "Static Approximation of Dynamically Generated Web Pages.",
    bookTitle    = "WWW'05 Proceedings of the 14th international conference on World Wide Web",
    year         = {2005},
    publisher    = "ACM New York, NY, USA",
    pages        = "432-441",
    month        = "11 May",
    language     = "english"
}
@inproceedings{ARNGLR,
    author       = "Semyon Grigoriev and Iakov Kirilenko",
    title        = "GLR-based abstract parsing",
    bookTitle    = "CEE-SECR'13 Proceedings of the 9th Central \& Eastern European Software Engineering Conference in Russia"
    year         = {2013},
    publisher    = "ACM New York, NY, USA",
    language     = "english"
}
@inproceedings{Kim,
    author       = "Hyunha, Kim and Kyung-Goo, Doh and David, Schmidt",
    title        = "Static validation of dynamically generated HTML documents based on abstract parsing and semantic processing",
    bookTitle    = "Static Analysis. 20th International Symposium, SAS 2013, Seattle, WA, USA, June 20-22, 2013. Proceedings",
    year         = {2013},
    publisher    = "Springer Berlin Heidelberg",
    pages        = "194-214",
    language     = "english"
}
@inproceedings{YC_paper,
    author       = "Кириленко, Я.А and Григорьев, С.В. and Авдюхин, Д.А.",
    title        = "Разработка синтаксических анализаторов в проектах по автоматизированному реинжинирингу информационных систем",
    bookTitle    = "Научно-технические ведомости Санкт-Петербургского государственного политехнического университета. Информатика. Телекоммуникации. Управление.",
    year         = {2013},
    pages        = "94-98",
    language     = "russian"
}
@online{Alvor,
    title        = "Alvor. Project site",
    url          = {https://code.google.com/p/alvor/},
    eprint       = "https://code.google.com/p/alvor/",
    language     = "english"
}
@online{Idea,
    title       = "IDEA.",
    url         = {http://www.jetbrains.com/idea/},
    eprint      = "http://www.jetbrains.com/idea/",
    language    = "english"
}
@online{IntelliLang,
    title       = "IntelliLang.",
    url         = {http://www.jetbrains.com/idea/webhelp/intellilang.html},
    eprint      = "http://www.jetbrains.com/idea/webhelp/intellilang.html",
    language    = "english"
}
@online{MSVisualStudio, 
    title        = "Microsoft Visual Studio.",
    url          = {http://www.visualstudio.com},
    eprint       = "http://www.visualstudio.com",
    language     = "english"
}
@online{PHPStorm, 
    title        = "PHPStorm.",
    url          = {http://www.jetbrains.com/phpstorm/},
    eprint       = "http://www.jetbrains.com/phpstorm/",
    language     = "english"
}
% @online{ReSharper,
%     title       = "ReSharper.",
%     url         = {http://www.jetbrains.com/resharper/},
%     eprint      = "http://www.jetbrains.com/resharper/",
%     language    = "english"
% }
% @online{ReSharperArchitecture, 
%     title       = "ReSharper. Plugin Developement Guide",
%     url         = {http://confluence.jetbrains.com/display/NETCOM/ReSharper+8+Plugin+Development},
%     eprint      = "http://confluence.jetbrains.com/display/NETCOM/ReSharper+8+Plugin+Development",
%     language    = "english"
% }
@online{YC_site, 
    title        = "YaccConstructor",
    url          = {http://code.google.com/p/recursive-ascent/},
    eprint       = "http://code.google.com/p/recursive-ascent/",
    language     = "english"
}