@inproceedings{DBLP:conf/tldi/Norell09,
  author    = {Ulf Norell},
  title     = {Dependently typed programming in Agda},
  booktitle = {TLDI},
  year      = {2009},
  pages     = {1-2},
  ee        = {http://doi.acm.org/10.1145/1481861.1481862},
  crossref  = {DBLP:conf/tldi/2009},
  bibsource = {DBLP, http://dblp.uni-trier.de}
}

@proceedings{DBLP:conf/tldi/2009,
  editor    = {Andrew Kennedy and
               Amal Ahmed},
  title     = {Proceedings of TLDI'09: 2009 ACM SIGPLAN International Workshop
               on Types in Languages Design and Implementation, Savannah,
               GA, USA, January 24, 2009},
  booktitle = {TLDI},
  publisher = {ACM},
  year      = {2009},
  isbn      = {978-1-60558-420-1},
  ee        = {http://dl.acm.org/citation.cfm?id=1481861},
  bibsource = {DBLP, http://dblp.uni-trier.de}
}

@book{Pierce:2002:TPL:509043,
  author    = {Pierce, Benjamin C.},
  title     = {Types and Programming Languages},
  year      = {2002},
  isbn      = {0-262-16209-1},
  publisher = {MIT Press},
  address   = {Cambridge, MA, USA}
}

@book{Nielson:1992:SAF:129085,
  author    = {Nielson, Hanne Riis and Nielson, Flemming},
  title     = {Semantics with applications: a formal introduction},
  year      = {1992},
  isbn      = {0-471-92980-8},
  publisher = {John Wiley \& Sons, Inc.},
  address   = {New York, NY, USA}
}

@article{DBLP:journals/lisp/Strachey00,
  author    = {Christopher Strachey},
  title     = {Fundamental Concepts in Programming Languages},
  journal   = {Higher-Order and Symbolic Computation},
  volume    = {13},
  number    = {1/2},
  year      = {2000},
  pages     = {11-49},
  ee        = {http://dx.doi.org/10.1023/A:1010000313106},
  bibsource = {DBLP, http://dblp.uni-trier.de}
}
