@book{saturday_is_monday,
  author    = "??????????, ?.?. and ??????????, ?.?.",
  title     = "??????????? ?????????? ? ???????",
  address   = "?.",
  editor    = "??????",
  publisher = "??????? ??????????",
  year      = 1965,
  language  = "russian"
}
@book{book:fourier,
  title      = {???? ? ???????? ?????: ?????? ????. ????????????? ? ??????????? ???????. ?????????????? ???????},
  author     = {??????????, ?.?. and ????????????, ?.?. and ??????, ?.?.},
  lccn       = {66051327},
  series     = {????????? ????? ?????? ?????????? ??? ????????? ? ????????? ??????. ?????? ? ??????????},
  url        = {http://books.google.ru/books?id=xvXuAAAAMAAJ},
  year       = {1964},
  publisher  = {?????},
  eprint     = {http://books.google.ru/books?id=xvXuAAAAMAAJ},
  eprinttype = {Google Books}
}
@online{wiki:lcd,
  author       = "Wikipedia",
  title        = "?????????? ????? ????????",
  howpublished = "?????????, ????????? ????????????",
  year         = 2012,
  url          = {http://goo.gl/1eEF3},
  urldate      = "08.04.2013",
  eprint       = "http://goo.gl/1eEF3",
  language     = "russian"
}