@book{knuth1,
  author     = "Дональд Кнут",
  title      = "Искусство программирования, том 1. Основные алгоритмы",
  year       = 2006,
  publisher  = "Вильямс",
  series     = "Искусство программирования",
  language   = "russian"
}
@article{skiplists,
  title = "Skip Lists: A Probabilistic Alternative to Balanced Trees",
  author = "William Pugh",
  journal = "Communications of the ACM",
  year = 1990
}  
@online{memm,
  title = "The Memory Management Reference",
  url = "http://www.memorymanagement.org/",
}
@book{critover,
  author = "Paul R. Wilson, Mark S. Johnstone, Michael Neely, David Boles",
  title = "Dynamic Storage Allocation: A Survey and Critical Review",
  year = 1995
}
@book{malloctutorial,
    title = "A Malloc Tutorial",
    author = "Marwan Burelle",
    year = 2009,
}
