@book{six_progs,
  author    = "Benjamin Zorn, Dirk Grunwald.",
  title     = "Empirical Measurements of Six Allocation-intensive C Programs",
  year      = 1992,
  publisher = "University of Colorado, Boulder",
  language  = "english"
}
@book{fragm,
  author    = " Mark S. Johnstone, Paul R. Wilson.",
  title     = "The Memory Fragmentation Problem: Solved?",
  publisher = "The University of Texas at Austin",
  year = 1997,
  language  = "english"
}
@book{un_mutator,
  author    = "Martin Aigner., Christoph M. Kirsch.",
  title     = "Towards a Universal Mutator for Benchmarking Heap Management Systems",
  publisher = "University of Salzburg",
  year      = 2012,
  language  = "english"
}
@book{ae,
  author    = "James R. Larus",
  title     = "Abstract Execution: a Technique for Efficiently Tracing Programs",
  year      = 1991,
  publisher = "Software --- Practice and Experience, 20(12):1241---1258",
  language  = "english"
}
@book{samofal,
  author    = "Самофалов А.В.",
  title     = "Способы реализации кучи и их свойства",
  publisher = "СПбГУ. Курсовая работа",
  year      = 2013,
  language  = "russian"
}