@book{book:goetz,
  title      = {A Brief History of Garbage Collection},
  author     = {Brien Goetz},
  lccn       = {},
  series     = {Java Theory and Practice},
  url        = {},
  year       = {2003},
  publisher  = {},
  eprint     = {},
  eprinttype = {}
}
@book{book:g1,
  title      = {Garbage-first Garbage Collection},
  author     = {Detlefs, D., Flood, C., Heller, S., Printezis, T.},
  lccn       = {},
  series     = {The 4th International Symposium on Memory Management},
  url        = {},
  year       = {2004},
  publisher  = {Vancouver, BC, Canada},
  eprint     = {},
  eprinttype = {}
}
@book{book:Zorn,
  title      = {Comparative Performance Evaluation of Garbage Collection Algorithms},
  author     = {Benjamin G. Zorn},
  lccn       = {},
  series     = {},
  url        = {},
  year       = {1989},
  publisher  = {Computer Science Division Department of Electrical Engineering and Computer Sciences University of California, Berkeley, California},
  eprint     = {},
  eprinttype = {}
}

@book{book:HBench,
  title      = {HBench:JGC – An Application-Specific Benchmark Suite for Evaluating JVM Garbage Collector Performance},
  author     = {Xiaolan Zhang, Margo Seltzer},
  lccn       = {},
  series     = {},
  url        = {},
  year       = {2001},
  publisher  = {San Antonio, Texas, USA},
  eprint     = {},
  eprinttype = {}
}
@online{gcpage,
  author       = "Richard Jones",
  title        = "The Garbage Collection Page",
  howpublished = "University of Kent",
  year         = 2011,
  url          = {http://www.cs.kent.ac.uk/people/staff/rej/gc.html},
  urldate      = "25.05.2013",
  eprint       = "http://www.cs.kent.ac.uk/people/staff/rej/gc.html",
  language     = "english"
}

@online{jvmmem,
  author       = "Microsystems Sun",
  title        = "Memory Management in the Java HotSpot™ Virtual Machine",
  year         = 2006,
  url          = {http://www.oracle.com/technetwork/java/javase/memorymanagement-whitepaper-150215.pdf},
  urldate      = "25.05.2013",
  eprint       = "http://www.oracle.com/technetwork/java/javase/memorymanagement-whitepaper-150215.pdf",
  language     = "english"
}
@book{book:fourier,
  title      = {Ряды и интеграл Фурье: Теория поля. Аналитические и специальные функции. Преобразование Лапласа},
  author     = {Кожевников, Н.И. and Краснощекова, Т.И. and Шишкин, Н.Е.},
  lccn       = {66051327},
  series     = {Избранные главы высшей математики для инженеров и студентов втузов. Задачи и упражнения},
  url        = {http://books.google.ru/books?id=xvXuAAAAMAAJ},
  year       = {1964},
  publisher  = {Наука},
  eprint     = {http://books.google.ru/books?id=xvXuAAAAMAAJ},
  eprinttype = {Google Books}
}
@online{wiki:lcd,
  author       = "Wikipedia",
  title        = "Наибольший общий делитель",
  howpublished = "Википедия, свободная энциклопедия",
  year         = 2012,
  url          = {http://goo.gl/1eEF3},
  urldate      = "08.04.2013",
  eprint       = "http://goo.gl/1eEF3",
  language     = "russian"
}